@misc{okapibm25,
    author = "Wikipedia",
    title = "{Okapi BM25} --- {W}ikipedia{,} The Free Encyclopedia",
    year = "2016",
    howpublished = {\url{http://en.wikipedia.org/w/index.php?title=Okapi\%20BM25&oldid=711620475}},
    note = "[Online; accessed 05-April-2016]"
}

@misc{discountedcumulativegain,
    author = "Wikipedia",
    title = "{Discounted cumulative gain} --- {W}ikipedia{,} The Free Encyclopedia",
    year = "2016",
    howpublished = {\url{http://en.wikipedia.org/w/index.php?title=Discounted\%20cumulative\%20gain&oldid=695019989}},
    note = "[Online; accessed 05-April-2016]"
}

@inproceedings{carbonell1998use,
  title={The use of MMR, diversity-based reranking for reordering documents and producing summaries},
  author={Carbonell, Jaime and Goldstein, Jade},
  booktitle={Proceedings of the 21st annual international ACM SIGIR conference on Research and development in information retrieval},
  pages={335--336},
  year={1998},
  organization={ACM}
}

@inproceedings{wang2009portfolio,
  title={Portfolio theory of information retrieval},
  author={Wang, Jun and Zhu, Jianhan},
  booktitle={Proceedings of the 32nd international ACM SIGIR conference on Research and development in information retrieval},
  pages={115--122},
  year={2009},
  organization={ACM}
}

@article{markowitz1952portfolio,
  title={Portfolio selection},
  author={Markowitz, Harry},
  journal={The journal of finance},
  volume={7},
  number={1},
  pages={77--91},
  year={1952},
  publisher={Wiley Online Library}
}

@inproceedings{clarke2008novelty,
  title={Novelty and diversity in information retrieval evaluation},
  author={Clarke, Charles LA and Kolla, Maheedhar and Cormack, Gordon V and Vechtomova, Olga and Ashkan, Azin and B{\"u}ttcher, Stefan and MacKinnon, Ian},
  booktitle={Proceedings of the 31st annual international ACM SIGIR conference on Research and development in information retrieval},
  pages={659--666},
  year={2008},
  organization={ACM}
}

@misc{stackoverflow,
    author = "StackOverflow",
    title={widely used formula for DCG seems to be wrong?},
    howpublished = {\url{http://stackoverflow.com/questions/33239416/widely-used-formula-for-dcg-seems-to-be-wrong}},
    note = "[Online; accessed 05-April-2016]"
}

@incollection{sakai2014metrics,
  title={Metrics, statistics, tests},
  author={Sakai, Tetsuya},
  booktitle={Bridging Between Information Retrieval and Databases},
  pages={116--163},
  year={2014},
  publisher={Springer}
}